1862 3156
124 200 177 238 34

123 298 286 338 fuscum,
317 296 509 342 glabrum,
537 306 619 330 cum
651 295 753 341 stylo
780 294 989 330 filamentis
1017 295 1214 330 fertilibus
1240 295 1524 341 aequilongum,
1553 299 1798 343 3-loculare3

125 356 393 402 gemmulae
422 355 458 389 in
487 355 620 389 loculis
650 356 763 389 binae
790 355 1079 400 superpositae3
1108 356 1263 401 stylus
1301 356 1446 400 pallide
1486 357 1614 392 fuscus
1655 360 1797 393 crassi-

124 417 294 458 usculus,
322 416 611 458 teretiusculus,
651 415 826 460 germine
867 416 1042 458 brevior3
1071 415 1248 461 stigma
1276 421 1495 450 truncatum
1526 418 1799 453 subtrilobum:

125 474 336 520 Capsula
362 475 396 509 in
424 476 641 521 pedunculo
670 475 874 510 fructifero
904 476 1059 510 incurvo
1087 476 1255 519 inversa,
1296 486 1378 509 cum
1424 476 1532 521 apice
1572 488 1641 511 sua
1681 480 1801 512 solum

124 547 259 570 versus
288 541 483 580 spectans,
512 546 634 579 opaca
670 534 1119 580 elliptico-subglobosa,
1149 536 1238 570 dein
1275 536 1520 581 subtrigona,
1561 537 1650 581 styli
1693 538 1803 572 rudi-

125 602 258 629 mento
301 595 555 629 crassiusculo
600 596 823 640 apiculata,
869 595 1068 639 perigonio
1118 600 1282 629 externo
1323 602 1468 641 vegeto
1509 598 1625 641 paulo
1666 597 1801 641 major,

124 655 195 688 hoc
223 660 263 688 et
290 655 438 689 interno
476 655 666 688 emarcido
694 655 832 696 cincta,
873 654 1112 696 3-locularis,
1146 656 1326 689 3-valvis.
1367 655 1556 689 Semina
1595 656 1632 690 in
1670 656 1801 690 loculis

125 714 218 748 bina
246 714 504 759 superposita,
531 714 596 748 ubi
624 725 710 748 sese
738 718 912 759 tangunt
938 719 1145 758 truncata,
1173 715 1267 756 (non
1295 716 1413 759 plane
1440 721 1596 750 matura
1629 716 1667 750 in
1705 728 1800 761 spe·
1844 758 1848 760 ι

126 774 263 809 cimine
292 776 449 819 nost1·.)3
478 774 886 820 embryostegium
917 775 1083 808 laterale
1112 775 1277 808 dorsale.
1339 792 1344 798 x

264 835 421 869 Habit.
473 836 737 881 Japoniam,
782 834 846 868 ubi
886 832 1120 879 „Keisak“
1163 837 1414 878 nuncupatur
1453 835 1662 868 secundum
1705 834 1800 870 Zoll.

123 895 233 928 herb.
275 896 338 930 Nr.
379 896 437 938 97,
467 895 570 941 Syst.
602 896 710 930 Vei-z.
738 896 764 929 L
795 894 850 929 64.
879 895 910 928 4.
937 895 1040 936 (hrb.
1069 905 1149 939 reg.
1180 894 1296 928 berol.
1325 898 1365 928 et
1391 894 1554 936 Martii),
1583 895 1649 928 ubi
1677 894 1797 928 caulis

126 954 235 999 apice
257 954 458 989 uniflorus!
483 975 522 979 —
551 955 679 1001 ibiqu·
707 966 829 1000 prope
848 953 967 998 Jwaj
982 953 1148 999 ajama,
1178 953 1241 988 nbi
1263 954 1416 988 Siebold
1444 954 1543 1000 legit
1569 959 1610 988 et
1636 955 1803 1000 Biirger,

125 1015 234 1059 cujus
264 1015 475 1060 specimina
502 1016 711 1049 transitum
741 1016 789 1049 ad
815 1014 852 1058 β.
878 1015 1072 1060 praebent
1097 1014 1201 1057 (lu-b.
1227 1024 1308 1060 reg.
1334 1014 1432 1060 Lgd.
1461 1016 1571 1057 Bat.)

719 1104 755 1149 β.
783 1106 1022 1140 ereetum
1048 1106 1082 1139 Η
1093 1117 1108 1139 s
1119 1116 1134 1138 s
1144 1105 1171 1139 k
1182 1105 1208 1139 1.

262 1181 436 1227 Diagn.
463 1181 695 1216 Pedunculis
723 1180 936 1215 fructiferis
965 1180 1118 1214 erectis.

264 1242 456 1276 observ.
478 1244 537 1275 An
565 1253 606 1275 re
636 1253 731 1276 vera
758 1241 930 1276 varietas
967 1238 1179 1274 distincta?
1220 1261 1262 1265 —
1304 1241 1426 1274 Adest
1453 1240 1661 1286 specimen,
1691 1239 1801 1285 cujus

127 1298 278 1334 fructus
312 1301 499 1336 axillares
528 1301 665 1343 erecti,
692 1301 909 1336 terminalis
938 1300 1113 1334 inversus
1141 1299 1358 1344 reperitur,
1389 1320 1427 1324 ——
1458 1299 1550 1334 folia
1568 1301 1798 1345 plerumque

124 1365 214 1395 sunt
241 1361 344 1394 haud
372 1360 614 1406 complicata,
643 1361 807 1407 indeque
835 1360 1227 1395 lineari-lanceolata
1267 1360 1480 1404 adparent,
1520 1379 1563 1384 —
1603 1359 1698 1393 rami
1739 1360 1802 1393 in-

124 1420 286 1455 feriores
314 1422 626 1465 procumbentes,
653 1420 851 1461 humifusi,
881 1420 1100 1453 radicantes
1129 1419 1239 1464 apice
1266 1420 1562 1453 adscendentes.

263 1481 477 1516 Habitat.
522 1480 789 1526 Japoniam,
816 1480 881 1514 ubi
910 1479 1209 1522 (verisimiliter)
1246 1477 1400 1513 Siebold
1436 1479 1536 1524 leg-it
1575 1479 1678 1522 (hrb.
1719 1489 1801 1524 reg.

126 1540 225 1585 Lgd.
257 1541 361 1583 Bat.)

675 1603 708 1636 4.
734 1601 788 1637 A.
805 1600 1079 1646 vaginatum
1110 1600 1153 1634 R.
1183 1601 1253 1634 Br.

264 1678 310 1712 cf.
340 1677 462 1711 Knth.
488 1678 561 1711 En.
589 1678 651 1712 IV.
682 1679 739 1713 67.
767 1679 801 1712 7.

264 1737 453 1771 ObserV.
483 1737 576 1771 Cum
604 1737 864 1782 descriptione
891 1736 1056 1770 Kunthii
1084 1737 1105 1770 l.
1135 1747 1165 1770 c.
1193 1737 1311 1781 (quae
1338 1735 1470 1780 paucis
1498 1735 1626 1770 verbis
1646 1735 1802 1769 mutatis

128 1797 264 1831 eadem
293 1803 350 1829 est
380 1808 423 1830 ac
450 1796 609 1842 Remigii
641 1797 725 1831 Vhl.
752 1797 888 1830 Enum.
918 1796 963 1829 Π.
1006 1797 1086 1831 175.
1127 1797 1181 1830 30.
1211 1799 1251 1829 et
1276 1807 1376 1841 quae
1403 1795 1519 1839 paulo
1547 1807 1568 1828 a
1600 1795 1804 1829 Linueana

129 1856 274 1899 differt)
319 1856 516 1900 diagnosis
553 1854 720 1902 Wightfii
748 1858 817 1898 (10,
845 1856 909 1890 VI.
937 1867 973 1900 p.
1003 1857 1059 1890 31.
1087 1857 1141 1889 th.
1169 1856 1281 1896 2076)
1308 1856 1411 1889 haud
1456 1857 1572 1900 plane
1615 1854 1807 1900 convenit,

128 1916 189 1960 qui
220 1917 367 1950 caulem
397 1916 572 1950 diffusum
600 1916 916 1960 procumbentem
962 1916 1110 1959 laudat,
1149 1915 1285 1960 petala
1324 1915 1566 1957 orbicularia,
1605 1915 1803 1948 filamenta

128 1976 255 2010 omnia
281 1977 443 2021 glabra,
470 1976 556 2010 icon
582 1974 748 2020 Wightii
778 1975 938 2008 formam
965 1974 1149 2008 minorem
1178 1974 1270 2008 rami
1299 1974 1456 2019 apicalis
1476 1974 1574 2008 foliis
1595 1974 1802 2010 minoribus

126 2041 403 2080 repraesentat
430 2041 470 2070 et
497 2035 767 2081 speciminibus
794 2034 934 2068 nostris
954 2035 998 2068 W
1011 2033 1295 2068 allichianis
1323 2037 1363 2066 et
1381 2033 1610 2078 praesertim
1629 2033 1797 2067 stock-

129 2095 187 2129 sii
214 2096 281 2130 vix
308 2096 437 2130 similis
464 2095 632 2138 videtur,
660 2096 784 2140 quoad
827 2093 930 2128 folia.
961 2114 1003 2119 —
1031 2094 1255 2127 Describam
1300 2093 1421 2137 primo
1464 2093 1546 2126 loco
1593 2092 1802 2138 specimina

129 2155 240 2189 varia
270 2155 591 2189 Wallichiana
620 2155 703 2189 Cat.
731 2156 823 2190 5212
851 2156 895 2188 B.
924 2157 963 2187 et
989 2156 1182 2198 postremo
1223 2153 1374 2196 addam,
1415 2163 1513 2197 quae
1554 2153 1599 2186 de
1642 2153 1801 2198 reliquis

129 2214 402 2259 speciminibus
431 2215 820 2249 animadvertendum
849 2213 934 2247 erit.

267 2274 508 2320 Descript.
551 2275 740 2308 Herbae
780 2277 964 2318 repentes
1005 2276 1074 2307 aut
1106 2272 1286 2317 profusae
1322 2272 1372 2305 ad
1402 2272 1520 2306 nodos
1563 2272 1800 2317 radicantes,

129 2336 241 2380 apice
268 2336 564 2376 adscendentes,
592 2344 787 2376 ramosae,
817 2332 931 2368 rami
960 2333 1094 2375 erecti,
1122 2343 1223 2366 nunc
1250 2332 1402 2366 inferne
1430 2331 1478 2364 ad
1499 2332 1616 2366 nodos
1643 2331 1802 2366 fibi-illas

130 2397 314 2441 quasdam
349 2395 588 2439 emittentes,
628 2394 775 2438 absque
813 2391 1100 2426 inflorescentia
1137 2391 1336 2425 terminali
1374 2391 1489 2425 4—6¹¹
1529 2391 1650 2436 longi,
1690 2390 1802 2434 recti,

128 2456 267 2499 foliosi,
294 2456 341 2490 ad
371 2454 554 2489 articulos
582 2454 786 2487 inferiores
825 2464 929 2486 ramo
968 2453 1167 2486 inevolute
1206 2451 1373 2485 foliifero
1413 2451 1552 2495 ornati,
1592 2451 1640 2484 ad
1682 2451 1800 2484 nodos

129 2517 244 2561 paulo
273 2515 498 2558 incrassati,
526 2513 806 2549 internodia
838 2513 1024 2547 inferiora
1063 2517 1103 2546 et
1141 2512 1260 2546 caulis
1300 2512 1438 2557 ¹s2——1¹¹
1481 2512 1612 2557 longa,
1650 2511 1802 2556 glabra,

129 2575 330 2620 superiora
357 2575 498 2609 sensim
526 2575 724 2619 elongata,
750 2585 867 2618 usque
911 2574 958 2606 ad
999 2573 1043 2606 4¹⁴
1084 2574 1240 2617 longum
1282 2571 1543 2606 internodium
1579 2581 1801 2615 supremum

128 2635 449 2669 innotescentiam
479 2633 725 2668 terminalem
753 2633 947 2667 sustinens
975 2632 1265 2677 (pedunculus).
1293 2632 1510 2678 Vaginae
1537 2630 1800 2664 inferiores

128 2706 198 2740 pro
224 2694 377 2727 ratione
404 2694 581 2728 foliorum
610 2694 760 2737 breves,
787 2693 855 2727 vix
882 2695 1011 2729 3—4“‘
1040 2694 1195 2735 longae,
1227 2691 1306 2724 basi
1341 2690 1447 2737 2¹s2“‘
1475 2691 1594 2733 latae,
1623 2690 1801 2735 glabrae,

130 2754 259 2788 antiae
301 2753 404 2787 linea
442 2753 716 2800 longitudinali
756 2754 880 2798 pilosa
919 2757 959 2786 et
1002 2752 1089 2785 dein
1132 2751 1169 2784 in
1212 2751 1285 2784 hac
1323 2750 1429 2784 linea
1463 2751 1510 2785 ad
1543 2750 1649 2783 basin
1678 2759 1802 2794 usque

130 2813 261 2857 fissae,
289 2814 526 2859 marginibus
560 2813 713 2857 cuiatis,
754 2817 946 2858 postremo
986 2811 1201 2857 glabratis3
1241 2811 1515 2856 superiores
1555 2808 1800 2855 angustiores
