1862 3156
1687 186 1761 227 1723

106 280 314 314 umbellato
343 278 579 322 unilaterali,
608 278 765 323 primum
797 278 957 311 00-fl0r0
984 277 1169 323 praediti,
1198 289 1285 312 mox
1312 283 1442 314 autem
1470 282 1591 327 magis
1623 285 1766 319 evoluti

102 339 214 373 flores
253 339 509 373 succedaneos
547 337 826 383 propellentes,
869 336 1002 383 hisque
1041 338 1088 370 ad
1126 337 1345 373 inferiorem
1388 341 1590 384 pedunculi
1619 347 1766 387 partem

106 399 286 443 deciduis,
326 411 375 433 ex
415 399 686 434 insertionibns
728 399 1000 443 pedicellorum
1044 399 1330 434 unilateraliter
1369 402 1590 446 prominulis
1631 406 1767 439 serrati

105 460 310 505 adparent,
351 461 436 492 dum
476 459 524 493 ad
567 459 729 493 alterum
772 458 872 492 latus
902 458 1122 493 bracteolae
1158 459 1328 494 minutae
1357 462 1546 495 secundae
1587 467 1768 508 patentes

103 519 263 554 formam
302 518 537 564 pectinatam
575 518 757 553 referant.
810 518 1094 552 Bracteolae
1137 518 1210 552 hae
1253 531 1272 553 e
1311 519 1394 554 basi
1420 521 1658 557 acutiuscula
1685 529 1768 559 tota

105 577 329 624 pedunculis
357 589 462 612 ramo
490 578 636 612 adnata
661 577 1046 612 ovato-lanceolatae
1085 582 1224 612 acutae
1251 579 1477 625 hirsutulae,
1517 582 1766 619 flavescentes

105 638 162 681 (in
181 637 296 680 sicc.),
317 638 382 672 vix
404 639 458 672 1’Η
480 638 638 683 longae3
666 636 890 682 pedicelli
912 636 1103 670 fructiferi
1135 648 1234 671 nuuc
1261 639 1393 682 erecti,
1421 651 1517 674 num¹
1546 641 1692 686 pariter
1720 656 1763 679 ac

107 701 200 731 ante
228 697 404 731 anthesin
433 696 583 730 deflexi,
612 695 857 741 Perigonii
894 696 1046 730 externi
1074 696 1203 730 foliola
1238 708 1354 742 saepe
1389 706 1516 735 acuta.
1570 701 1765 738 Germen

106 756 366 800 declinatum,
395 756 570 801 stig-nia
604 755 789 791 minutum
822 757 1047 802 papillosum
1084 756 1480 800 peltam-truncatum
1507 762 1554 795 ad
1584 764 1767 798 antheras

106 815 303 862 longiores
331 820 518 862 tangens3
547 814 665 860 styli
692 826 796 859 apex
822 816 1013 850 liamatus.
1043 815 1279 860 Capsulae
1311 819 1479 854 valvae
1514 823 1533 856 3
1563 822 1609 855 ad
1632 823 1764 857 basin

107 875 265 920 liberae,
307 874 491 920 perigouii
519 875 671 909 externi
699 874 837 908 foliolis
866 873 1060 919 adpressis
1089 875 1235 911 cinctae
1263 880 1304 910 et
1331 878 1523 924 suffultae,
1553 881 1614 915 diu
1643 883 1767 927 persi-

108 938 269 978 stentes,
298 938 639 979 erecto-patentes,
679 945 965 980 pergamaceae
1005 935 1188 980 glabrae,
1230 936 1566 982 longibudinaliter
1603 946 1768 988 anguste

108 993 460 1030 nervoso-striatae
499 998 537 1028 eb
580 994 682 1028 inter
722 1005 857 1029 nervos
905 994 1049 1028 minute
1094 996 1614 1045 exsculpto-punctulatae,
1664 1002 1771 1048 apice

110 1052 202 1097 styli
223 1052 467 1098 persistentis
488 1054 568 1088 basi
589 1053 785 1099 3-partita
806 1058 1036 1096 coronatae3
1058 1052 1213 1100 stylus
1232 1066 1348 1101 supra
1369 1058 1476 1092 basin
1496 1059 1593 1094 hano
1618 1060 1771 1108 integer

107 1114 143 1147 in
171 1124 247 1148 una
264 1115 375 1149 valva
396 1113 457 1148 diu
478 1114 711 1159 persistens,
741 1117 875 1159 septa
902 1114 922 1147 3
942 1114 1145 1150 valvarum
1172 1115 1296 1150 lineae
1324 1117 1525 1153 medianae
1548 1121 1705 1165 adnata,
1733 1122 1769 1155 in

108 1177 238 1208 centro
278 1173 427 1209 fructus
456 1174 541 1208 dein
569 1174 684 1219 plane
724 1174 823 1211 inter
852 1185 892 1208 se
932 1173 1072 1218 soluta,
1112 1175 1325 1209 columnam
1359 1177 1460 1210 haud
1500 1179 1769 1226 relinquentia.

109 1233 294 1268 Semina
333 1235 370 1268 in
410 1234 532 1268 loculo
577 1245 723 1280 quoque
753 1235 858 1277 3—4,
899 1235 1027 1268 omnia
1066 1235 1221 1269 evoluta
1264 1239 1333 1269 aut
1374 1235 1540 1271 infimum
1568 1239 1769 1275 hincinde

107 1293 336 1337 abortivum,
364 1292 671 1328 albido-cinerea
698 1294 923 1337 (immatura
937 1293 975 1337 ‘?)
1016 1297 1085 1329 aut
1112 1294 1544 1341 nigrescenti-cinerea,
1586 1310 1769 1335 summum

107 1358 147 1388 et
173 1354 339 1388 infimum
365 1353 625 1397 (terminalia)
652 1355 900 1400 pyramidata
927 1358 1055 1398 acuta,
1083 1354 1230 1400 reliqua
1257 1355 1486 1391 intermedia
1513 1358 1658 1394 cubica.

242 1415 398 1450 Hvabib.
418 1414 598 1450 Mexico
619 1415 932 1449 etAmericam
951 1415 1185 1450 borealem
1204 1416 1324 1461 (part.
1343 1415 1512 1461 merid‘?)
1538 1419 1663 1462 (herb.
1684 1430 1764 1466 reg.

110 1476 260 1519 berol.),
288 1488 310 1510 a
336 1475 620 1521 Rafinisque
647 1475 769 1517 [herb.
798 1475 919 1520 palat.
946 1474 1129 1519 Vindob.)
1156 1475 1243 1510 lect.
1272 1480 1313 1510 et
1339 1478 1407 1512 sub
1436 1478 1585 1512 nomine
1604 1480 1769 1524 „Mati-

111 1535 245 1569 naria
285 1535 451 1571 ovata“
480 1539 729 1580 conservata3
771 1540 929 1570 caetera
969 1535 1191 1581 specimina,
1230 1547 1329 1582 quae
1377 1536 1414 1571 in
1461 1538 1651 1572 herbariis
1692 1539 1769 1574 vidi

109 1597 236 1632 omnia
276 1596 382 1631 culta,
424 1596 581 1631 fuerunt
619 1596 728 1631 annis
771 1598 1001 1633 11808--1851
1046 1596 1083 1631 in
1123 1596 1243 1631 hortis
1271 1596 1392 1631 Paris.
1418 1598 1559 1641 Ber-ol,
1587 1599 1769 1642 Darmst„

109 1656 285 1699 Vindob.,
316 1655 599 1701 Schoenbrunn,
630 1657 774 1692 Genev.
802 1657 839 1691 in
866 1656 1056 1692 herbariis
1094 1657 1214 1702 palat.
1242 1656 1404 1691 Vindob.
1443 1657 1773 1704 (Portenschlag),

110 1726 190 1761 reg.
219 1717 338 1751 berol.
363 1717 519 1762 (Rutu,
547 1716 679 1760 Link),
709 1715 854 1751 comitis
889 1718 936 1751 de
963 1716 1304 1761 Franqueville
1347 1715 1539 1760 (Steudel,
1572 1716 1770 1761 Richard),

111 1775 366 1819 Lenormand,
397 1777 451 1809 De
481 1776 677 1820 Caudolle,
707 1777 1005 1812 Schlechtendal
1033 1781 1072 1810 et
1099 1776 1301 1810 Hasskarl.

725 1878 760 1923 β.
788 1880 1000 1915 undata.
1028 1879 1154 1913 Hsskl.

247 1955 416 2000 Diagn.
459 1955 680 1991 Pedunculo
728 1963 766 1990 et
806 1958 891 1990 tota
930 1954 1213 1989 iuflorescentia
1260 1953 1556 1998 robustioribus,
1598 1956 1773 2000 patenti-

110 2014 534 2059 glanduloso-hirsutis.
703 2022 707 2024 ’

572 2121 614 2161 a)
643 2128 887 2163 purpurea
916 2118 1021 2151 Fnzl.
1060 2120 1171 2162 mspt.
1202 2117 1309 2150 herb.

253 2195 417 2241 Diagn.
446 2194 650 2241 Perigouio
680 2194 832 2230 interno
868 2205 1206 2240 purpureo—roseo.

252 2254 424 2299 Synon.
451 2255 680 2290 Tiuantia
720 2256 903 2289 nudata
931 2254 1147 2290 Schlechtd
1181 2253 1354 2287 Linnaea
1380 2253 1502 2286 XXV.
1533 2255 1593 2288 181
1628 2255 1775 2298 et184,

112 2311 176 2345 ubl
196 2313 400 2358 descriptio
426 2315 525 2350 floris
554 2315 690 2360 fusior,
719 2316 812 2351 Kch.
843 2316 887 2350 W
892 2315 1111 2349 ochenschr.
1140 2315 1183 2348 11.
1205 2316 1274 2357 98,
1304 2314 1403 2357 Wlp.
1428 2315 1525 2347 Anu.
1556 2314 1618 2347 V[.
1640 2315 1755 2349 164.1

118 2392 159 2396 —-
186 2373 226 2407 T.
255 2372 404 2419 fugax
442 2375 588 2410 Schdw.
623 2376 745 2411 Knth.
786 2376 855 2409 En.
884 2375 1044 2412 1V.101.
1075 2377 1112 2417 1,
1144 2373 1561 2408 -Tradescantia
1596 2374 1775 2408 nudata

117 2436 231 2470 Wlld.
275 2435 423 2471 Schult.
463 2436 498 2469 S.
543 2436 584 2470 V.
628 2437 712 2472 VII.
758 2434 1114 2478 1161.13;K11th
1154 2434 1222 2466 En.
1250 2434 1306 2468 98.
1334 2434 1401 2476 51·
1431 2453 1473 2458 -
1514 2433 1578 2466 Tr.
1609 2437 1775 2467 erecta

117 2495 206 2530 Cav.
248 2496 294 2530 [e.
334 2495 388 2530 tb.
416 2495 472 2540 74,
513 2496 681 2541 „absque
721 2495 856 2529 dubio“
886 2495 988 2528 Fnzl.
1029 2493 1064 2526 in
1105 2493 1200 2535 litte,
1242 2512 1284 2517 -
1313 2491 1596 2526 Commeliua
1637 2502 1776 2526 rosea

115 2554 337 2588 Schlechtd.
363 2554 475 2589 Linn.
501 2554 605 2591 XIII.
632 2554 843 2589 Litterber.
870 2555 925 2588 97.

254 2613 494 2659 Descripb.
536 2613 776 2648 Pedunculus
818 2613 1042 2657 plerumque
1081 2609 1206 2644 elatus
1245 2609 1419 2655 ramique
1459 2610 1572 2644 valde
1611 2610 1775 2653 evoluti,

116 2684 386 2719 nonnunquam
426 2676 556 2708 autem
594 2673 830 2718 pedunculus
870 2669 1018 2716 pariter
1056 2680 1099 2703 ac
1133 2668 1310 2714 pedicelli
1337 2669 1552 2704 abbreviati
1594 2670 1776 2713 evadunt,

119 2734 172 2767 ita
199 2738 242 2768 ut
267 2733 360 2768 rami
391 2732 472 2766 fere
499 2733 546 2766 ad
574 2730 952 2777 pseudo-umbellam
982 2729 1232 2771 reducantur,
1263 2728 1317 2762 uti
1345 2739 1393 2762 ex
1421 2728 1625 2773 specimine
1665 2734 1776 2773 patet

117 2792 153 2825 in
181 2791 292 2826 horto
320 2803 400 2837 reg.
429 2791 589 2827 berolin.
616 2792 717 2826 culto
745 2796 784 2823 et
812 2790 847 2823 in
878 2788 958 2833 ejus
990 2787 1166 2822 herbario
1195 2794 1433 2822 conservato.
