1862 3156
1652 165 1726 203 125

391 271 443 304 13.
472 267 518 304 0.
544 276 783 305 racemosa
809 268 944 312 Heyne
971 271 1084 310 mspt.
1110 266 1147 299 in
1175 265 1300 299 sched.
1330 264 1413 297 hrb.

214 358 439 405 Cyanotis
466 369 707 393 racemosa
734 359 870 402 Heyne
912 360 981 398 (an
1020 356 1060 392 C.
1100 355 1275 389 villosa
1314 353 1481 397 Schlt.‘?)
1522 353 1610 388 Wll.
1651 353 1731 387 Cat.

78 421 180 454 8995.
207 420 248 452 Β.
276 418 312 451 in
353 419 435 452 hrb.
473 429 552 462 reg.
598 418 728 461 hercl„
764 416 893 461 imper.
923 417 1134 451 Vindobon.
1178 416 1235 449 De
1251 413 1459 449 Candollei.
1506 433 1545 437 —
1590 412 1629 447 C.
1673 424 1727 455 sp.

76 478 270 513 Thwaites
300 490 356 512 110.
383 480 475 513 2332
505 489 525 512 e
554 476 709 522 Ceylon,
739 477 828 511 1857
855 477 945 510 lect.
975 496 1015 500 ——
1036 475 1071 509 in
1087 477 1169 511 hrb.
1190 486 1272 520 reg.
1293 474 1425 517 be1·ol.,
1446 473 1502 506 De
1520 471 1730 514 Candollei,

77 536 344 572 Lenormandi.

212 611 511 646 Observatio.
555 610 593 644 C.
626 611 799 646 villosa
827 610 943 645 Schlt.
971 609 1093 654 (Syst.
1121 610 1217 654 Veg.
1245 609 1328 644 Vll.
1356 610 1465 652 1155)
1505 620 1554 642 ex
1593 609 1734 653 Sprng.

79 672 115 707 S.
143 673 187 706 V.
214 672 261 706 ΙΙ.
289 672 368 705 116.
398 671 454 713 10,
479 670 526 704 D.
554 671 639 705 Dtr.
665 671 756 715 Syn.
792 671 838 704 ΙΙ.
870 671 970 706 1055.
999 670 1042 704 53
1076 669 1165 712 (sub
1193 668 1585 711 Tradescantia),
1612 667 1733 702 Knth.

77 732 214 766 Elium.
251 729 318 764 IV.
359 731 437 765 105.
476 731 528 772 8.)
555 729 700 764 differt:
742 730 843 763 foliis
882 727 1106 763 lanceolatis
1147 726 1402 770 mucronatisg
1439 747 1479 751 —
1516 726 1554 760 C.
1581 727 1737 772 pilosa

76 790 192 826 Schlt.
220 789 264 832 (l.
292 800 321 824 c.
350 793 389 833 83
416 789 537 823 Knth.
563 789 587 824 l.
616 800 645 822 c.
673 788 715 833 7)
741 792 821 822 toto
849 788 985 822 habitu
1013 788 1164 822 diversa
1191 790 1230 820 et
1253 786 1351 820 foliis
1369 787 1603 821 radicalibus
1623 787 1733 821 elon-

73 848 177 895 gatis
217 848 482 883 ensiformibus
521 847 576 890 (in
613 846 752 882 nostris
788 845 1058 892 speciminibus
1097 848 1212 891 plane
1252 846 1547 890 deficientibus),
1574 846 1733 880 caulinis

76 907 203 953 parvis
244 907 470 942 lanceolatis
514 905 722 953 1Ῑβι-13Χ4Η
766 907 889 952 longis
932 910 973 940 et
1012 906 1173 952 glabris,
1215 906 1392 952 margine
1420 905 1735 949 villoso-ciliatis,

77 968 184 1001 caule
220 966 347 1001 debili.
387 987 431 991 —
456 966 645 1012 Reliquae
689 966 834 1012 species
873 966 1124 1001 Kunthianae
1165 975 1294 1000 omnes
1333 966 1627 1010 procumbentes
1667 969 1736 1001 aut

76 1030 259 1071 repentes
298 1027 372 1059 huc
409 1027 511 1061 haud
550 1026 771 1072 pertinent,
808 1025 909 1061 inter
947 1026 1196 1071 Wightianas
1234 1025 1341 1060 nulla
1380 1024 1528 1059 accedit
1571 1030 1737 1070 excepta

78 1086 114 1120 C.
131 1086 405 1120 lanceolata
419 1087 552 1132 Wght.
576 1086 678 1121 Icon.
705 1087 811 1130 2085,
825 1096 923 1131 quae
951 1088 1077 1119 autem
1105 1085 1260 1118 floribus
1288 1084 1515 1118 axillaribus
1544 1085 1738 1120 sessilibus

71 1149 152 1194 jam
179 1148 300 1193 primo
328 1148 516 1192 adspectu
543 1145 695 1181 diversa
723 1149 795 1189 est,
822 1145 879 1180 uti
906 1145 1022 1180 etiam
1049 1156 1099 1179 ex
1125 1143 1383 1190 descriptione
1410 1145 1585 1190 sequenti
1613 1148 1736 1189 patet.

212 1219 498 1266 Descriptio.
541 1218 699 1254 Caulis
740 1222 890 1253 erectus
931 1217 1211 1252 strictiusculus
1245 1217 1406 1262 simplex
1434 1223 1503 1253 aut
1529 1230 1644 1264 parce
1670 1230 1737 1253 ra—

78 1292 214 1325 mosus,
252 1280 372 1325 primo
413 1280 530 1314 dense
569 1278 739 1321 villosus,
779 1279 866 1312 dein
906 1279 1135 1324 glabratus3
1175 1278 1294 1312 rami
1320 1278 1459 1323 erecti,
1486 1278 1587 1313 infra
1615 1279 1738 1314 inser-

76 1341 219 1376 tionem
255 1339 486 1386 vaginarum
515 1350 534 1371 e
562 1339 659 1372 nodo
686 1338 995 1384 progredientes,
1034 1337 1110 1372 ima
1143 1337 1226 1372 basi
1252 1338 1396 1384 vagina
1423 1339 1529 1373 brevi
1554 1343 1739 1375 truncata

78 1399 189 1434 cincti
228 1402 268 1433 et
306 1399 354 1432 ad
386 1397 553 1433 medium
595 1397 738 1445 vagina
788 1399 912 1432 altera
962 1397 1124 1443 aphylla
1179 1396 1331 1443 oblique
1370 1401 1551 1432 truncata
1591 1399 1739 1443 muniti,

78 1460 192 1494 caule
217 1459 298 1504 ipso
325 1457 537 1503 breviores,
564 1457 665 1492 haud
693 1456 896 1504 fastigiati,
924 1457 1032 1502 apice
1063 1456 1205 1500 foliosi;
1231 1456 1508 1491 internodia
1530 1456 1738 1503 1¹s2—2¹l2⁴‘

77 1519 213 1566 longa,
240 1518 448 1564 vaginae
474 1520 680 1563 angustae,
709 1517 816 1563 apice
843 1516 1063 1562 ampliores,
1097 1517 1225 1551 3-—6⁴⁴‘
1264 1518 1419 1562 longae,
1459 1516 1633 1561 villosae,
1673 1528 1738 1551 ore

76 1578 403 1615 lanato-ciliatae.
431 1577 569 1612 Folia
595 1577 851 1621 (radicalia
876 1577 992 1622 plane
1021 1577 1162 1611 desunt
1188 1576 1225 1610 in
1259 1576 1430 1610 omnibus
1471 1576 1740 1621 speciminibus

82 1649 178 1674 ame
204 1638 315 1682 visis)
342 1638 535 1672 caulina
562 1639 787 1683 plerumque
814 1637 939 1671 omnia
966 1635 1228 1681 persistentia,
1244 1636 1423 1681 patentia
1438 1647 1538 1671 nunc
1557 1636 1742 1682 refracta,

78 1698 160 1734 basi
199 1697 473 1743 subpetiolata,
512 1697 714 1743 vaginata,
754 1708 775 1730 e
814 1697 895 1730 basi
934 1696 1140 1731 latiuscula
1178 1697 1413 1741 lanceolata,
1438 1696 1606 1742 longiter
1632 1702 1740 1732 atte—

80 1762 217 1802 nuata,
255 1757 591 1800 acuminatissima,
631 1759 748 1793 3-4⁴‘
787 1759 919 1804 longa,
960 1757 1137 1803 4¹s2—7m
1174 1757 1275 1801 lata,
1314 1767 1468 1790 ramea
1500 1761 1540 1791 et
1567 1768 1741 1792 summa

80 1820 268 1855 diminuta
306 1818 470 1864 ῬΑ-Ψ
509 1820 639 1865 longa,
678 1828 795 1863 supra
833 1819 986 1864 glabra,
1023 1818 1174 1853 intense
1212 1816 1362 1862 viridia,
1395 1817 1568 1863 margine
1595 1817 1742 1861 exiliata,

80 1882 214 1915 subtus
253 1879 469 1926 pallidiora,
509 1878 1067 1923 subsericeo-lanato-villosa3
1108 1891 1282 1914 summa
1315 1891 1431 1925 saepe
1462 1879 1552 1914 bina
1577 1883 1741 1914 ternave

80 1942 193 1976 valde
219 1940 506 1987 approximata,
525 1951 544 1972 e
564 1950 720 1985 quorum
748 1938 877 1973 axillis
904 1940 1058 1984 pedun
1069 1940 1161 1974 culi
1190 1940 1421 1984 proveniunt
1445 1939 1627 1973 axillares
1649 1938 1739 1972 soli-

79 2001 167 2037 tarii
208 2004 275 2036 aut
310 2000 388 2035 bini
427 1999 578 2035 ternive
616 2003 657 2033 et
683 1998 905 2033 terminales
935 1998 1143 2045 aggregati
1170 2001 1276 2044 4-5‚
1305 1998 1403 2034 foliis
1431 1999 1507 2033 suis
1534 2000 1741 2044 breviores,

81 2073 181 2097 nunc
207 2059 407 2106 incipienti
434 2059 585 2095 anthesi
611 2060 726 2094 valde
754 2059 971 2094 abbreviati
998 2063 1038 2094 et
1063 2059 1348 2094 inflorescentia
1373 2062 1467 2094 tunc
1493 2059 1561 2094 vix
1588 2070 1608 2093 e
1626 2059 1740 2094 folio-

81 2134 164 2158 rum
202 2121 284 2155 basi
325 2120 463 2155 sensim
504 2120 542 2154 in
580 2119 763 2166 vaginam
802 2119 1066 2155 abbreviatam
1095 2119 1280 2165 ampliata
1307 2122 1534 2154 transeunte
1562 2123 1742 2164 exserta,

81 2181 187 2227 apice
230 2179 319 2215 folio
361 2179 499 2223 florali,
542 2179 699 2226 reliquis
742 2179 840 2214 foliis
886 2179 1144 2214 subconformi
1187 2179 1328 2222 ornati,
1372 2178 1515 2223 spicam
1543 2179 1740 2213 cristatam

83 2242 323 2275 bracteosam
366 2250 389 2273 a
425 2239 549 2274 latere
587 2243 751 2285 utroque
785 2249 1053 2284 compressam,
1081 2239 1172 2273 folio
1198 2238 1319 2273 florali
1349 2249 1415 2272 suo
1445 2237 1741 2283 sublongiorem,

83 2300 209 2335 6-9¹⁴¹
234 2301 403 2345 longam,
429 2299 536 2344 apice
562 2300 837 2333 subrecurvam
863 2302 1056 2345 gerentes,
1090 2299 1291 2334 inferiores
1324 2302 1506 2344 patentes
1541 2301 1582 2331 et
1615 2309 1741 2331 omnes

82 2359 191 2394 simul
218 2358 539 2393 inflorescentiam
578 2359 986 2404 spicato-racemosam
1025 2362 1093 2393 aut
1132 2358 1465 2403 subpaniculatam
1506 2357 1743 2401 referentes,

81 2418 198 2453 folia
237 2418 431 2453 floralia
469 2421 801 2466 ovato-oblonga
849 2420 1088 2461 acuminata,
1128 2418 1196 2454 vix
1235 2418 1474 2463 complicata,
1515 2417 1740 2462 plerumque

82 2481 201 2526 plana
245 2477 421 2524 6-7¹sz‘¹‘
460 2479 589 2525 longa,
627 2481 684 2514 3¹¹¹
724 2481 825 2524 lata,
868 2481 1101 2514 bracteae
1141 2478 1327 2512 distichae
1365 2478 1495 2519 8-10,
1535 2487 1606 2520 per
1631 2475 1743 2521 paria

80 2540 191 2573 flores
232 2537 404 2584 geminos
446 2539 688 2573 collaterales
732 2541 959 2585 obtegentes
1003 2543 1042 2573 et
1082 2538 1183 2572 inter
1228 2549 1267 2571 se
1311 2538 1563 2580 occultantes,
1601 2546 1624 2569 a
1658 2536 1741 2570 basi

80 2597 229 2644 apicem
269 2598 397 2644 spicae
436 2609 570 2632 versus
610 2599 891 2643 decrescentes,
936 2598 1308 2642 ovato-oblongae,
1349 2596 1605 2639 acuminatae,
1649 2597 1743 2630 sub-

84 2658 269 2702 falcatae,
307 2659 429 2692 altero
466 2657 592 2692 latere
633 2658 715 2692 basi
753 2659 998 2701 rotundatae,
1037 2657 1159 2690 altero
1187 2655 1337 2700 oblique
1364 2659 1612 2698 attenuatae,
1639 2655 1742 2700 paris

83 2717 200 2752 infimi
225 2717 378 2753 externi
406 2716 608 2759 maximae,
637 2719 693 2752 6¹¹⁴
722 2719 874 2763 longae,
900 2719 958 2752 2⁰¹
986 2717 1106 2760 latae,
1133 2715 1290 2752 infimae
1318 2714 1437 2761 apicis
1470 2714 1598 2759 spicae
1629 2714 1741 2748 dimi-

80 2778 180 2812 diam
206 2777 343 2812 harum
370 2774 679 2822 magnitudinem
705 2777 977 2822 adipiscentes,
1005 2775 1179 2821 margine
1205 2773 1432 2820 praeprimis
1467 2773 1575 2809 basin
1607 2783 1741 2808 versus
