1862 3156
1666 195 1738 233 141

77 293 220 337 vagina
235 292 433 326 recondite
446 291 640 326 articulati
657 294 696 325 et
715 291 908 337 vag-inati,
936 292 1076 338 vag-in
1089 303 1143 326 ae
1159 293 1233 326 hae
1249 297 1387 328 tenues
1404 295 1737 336 membranaceae,

79 352 230 397 oblique
257 355 504 395 attenuatae,
534 351 791 395 acuminatae,
818 352 1021 386 inferiores
1049 363 1150 387 nunc
1180 355 1258 388 10‘¹‘
1293 353 1448 398 longae,
1482 354 1531 387 ab
1559 353 1668 398 apice
1695 354 1740 387 ad

83 410 192 444 basin
219 410 301 444 fere
327 410 453 453 fissae,
481 411 644 456 indeque
673 410 838 455 stipulas
866 411 974 445 binas
1007 411 1159 446 inferne
1185 417 1384 457 connatas,
1412 413 1746 457 longitudinaliter

79 480 277 514 nervosas,
297 470 552 515 subfalcatas,
572 482 591 503 e
613 470 756 516 vagina
776 475 952 504 exsertas
972 470 1201 514 referentes,
1224 471 1546 506 albido-ciliatae.
1576 472 1744 517 Spicae

77 529 165 563 folio
193 528 315 564 florali
343 533 550 574 susceptae
589 529 743 575 patenti
782 534 823 563 et
861 541 979 574 supra
1018 531 1127 565 basin
1166 541 1268 565 nunc
1301 531 1444 565 reflexo
1472 532 1631 576 ejusque
1660 532 1742 566 basi

77 589 260 631 adnatae,
289 589 338 623 ad
365 588 513 633 apicem
540 600 736 624 ramorum
763 592 831 623 aut
859 590 1154 633 pedunculorum
1184 590 1399 634 solitariae,
1427 592 1745 636 binae,pluresve

78 651 302 691 congestae,
330 659 353 682 a
379 647 504 682 latere
531 652 695 694 utroque
723 660 977 694 compressae,
1006 650 1436 694 cristato-bracteatae,
1471 652 1587 685 dense
1616 651 1745 685 hirsu-

78 711 157 749 tae,
185 708 242 741 6“¹
269 708 425 753 longae,
453 709 513 741 3¹0
540 710 646 742 altae
675 708 834 753 (latae),
868 708 1141 754 grandiflorae,
1181 709 1269 743 folio
1297 710 1418 745 florali
1446 712 1622 755 opposite
1650 723 1744 744 evo-

77 768 195 811 lutae,
234 770 419 812 patentes
460 772 500 801 et
543 768 752 802 circinatim
795 769 1015 812 revolutae,
1056 768 1288 802 bracteae
1328 780 1396 813 per
1435 771 1544 815 paria
1582 771 1744 805 distiche

77 825 302 871 dispositae,
328 827 457 869 6-15,
486 829 595 861 flores
624 829 869 873 obtegenteS,
897 827 1125 862 imbricatim
1144 829 1455 874 sibiadpressae,
1484 830 1564 864 basi
1593 831 1743 877 oblique

77 885 260 930 insertae,
298 887 485 929 falcatae,
526 886 791 928 acuminatae,
832 886 1034 922 inferiores
1074 887 1281 932 maximae,
1326 889 1374 922 ab
1419 888 1528 933 apice
1557 890 1602 923 ad
1633 890 1743 925 basin

78 945 340 986 (transverse)
384 947 518 981 5—6“‘
552 946 707 992 longae,
746 947 803 984 “2¹⁰
840 947 967 985 latae,
1007 957 1179 981 summae
1219 947 1266 980 ad
1307 949 1506 982 alabastra
1547 949 1745 985 inevoluta

77 1005 196 1039 minus
230 1005 413 1048 falcatae,
444 1005 641 1040 tenuiores
669 1010 823 1051 acutae,
853 1006 1152 1040 dimensionibus
1197 1006 1420 1051 dimidiatis,
1464 1019 1578 1042 nervo
1620 1010 1742 1042 medio

75 1064 383 1108 extramediano,
413 1064 554 1099 additis
583 1065 729 1109 aliquot
754 1066 983 1110 partialibus
1012 1065 1051 1099 in
1084 1066 1177 1107 basi,
1209 1070 1323 1100 extus
1357 1066 1440 1111 pilis
1469 1068 1648 1102 tenuibus
1677 1081 1742 1102 ‹zo-

76 1123 191 1167 piosis
219 1124 448 1167 hirsutulae,
477 1125 578 1158 intus
607 1126 786 1170 glabrae,
805 1126 978 1171 margine
997 1126 1164 1160 ciliatae.
1192 1126 1352 1160 Flores
1380 1127 1536 1161 totidem
1566 1139 1610 1162 ac
1629 1130 1743 1163 brac—

76 1188 179 1226 teae,
207 1183 253 1216 ad
284 1195 414 1217 earum
444 1185 555 1219 bases
584 1185 821 1228 subsessiles,
849 1185 1038 1230 pedicello
1058 1186 1165 1220 tenui
1185 1187 1408 1221 brevissimo
1428 1189 1622 1232 suffultae,
1651 1194 1742 1223 ante

76 1245 116 1275 et
136 1245 224 1285 post
251 1243 429 1277 anthesin
450 1244 552 1278 inter
571 1256 635 1279 eas
657 1245 856 1280 reconditi.
884 1246 1186 1292 Perigonium
1214 1251 1465 1282 externum
1491 1248 1578 1292 pilis
1606 1248 1742 1282 albidis

75 1301 158 1334 basi
187 1302 352 1337 cinctum
381 1307 421 1336 et
447 1308 612 1339 externe
640 1305 825 1339 similibus
844 1307 1051 1350 obsessum,
1079 1306 1279 1351 hirsutum,
1301 1308 1539 1353 3-phyllum3
1570 1308 1742 1342 foliola

75 1360 211 1394 tenuia
252 1363 548 1398 membranacea
586 1365 758 1409 hyalina,
798 1377 916 1401 nervo
956 1367 1080 1400 medio
1119 1368 1240 1411 tenui,
1267 1368 1377 1412 apice
1412 1369 1526 1412 paulo
1554 1369 1744 1414 crassiori,

76 1421 306 1456 fuscescenti
346 1435 550 1468 percursa,
579 1435 760 1468 concava,
799 1426 1113 1471 ovato-elliptica
1141 1426 1286 1471 ciliata,
1314 1426 1491 1472 2——21s2¹¹‘
1516 1428 1644 1474 longa,
1676 1432 1742 1464 1*

76 1480 181 1528 1¹s2⁰¹
208 1484 302 1527 lata,
328 1484 590 1528 persistentia,
617 1485 784 1519 fructum
811 1485 1022 1531 cingentia,
1050 1487 1084 1520 ei
1103 1488 1289 1532 adpressa
1314 1499 1437 1534 eaque
1464 1491 1621 1525 tertiam
1646 1504 1742 1537 par-

75 1549 153 1577 tem
182 1543 377 1590 longiora,
404 1545 598 1580 interna
625 1546 663 1579 in
690 1545 872 1580 corollam
900 1547 1118 1581 coeruleam
1137 1547 1334 1589 (siccando
1353 1559 1470 1593 saepe
1490 1550 1742 1597 (defloratam

75 1609 282 1653 albidam),
309 1605 392 1640 basi
420 1606 652 1650 tubulosam,
679 1617 769 1641 mox
798 1606 1489 1654 infundibuliformi-campanulatam
1513 1613 1602 1652 (nec
1616 1611 1742 1657 hypo-

78 1669 461 1716 craterimorphaml)
480 1673 660 1711 connata,
677 1681 727 1704 ex
747 1667 916 1702 bracteis
935 1672 974 1702 et
993 1667 1131 1703 foliolis
1149 1669 1340 1715 perigonii
1361 1671 1513 1705 externi
1531 1675 1741 1716 exsertam,

76 1735 327 1771 marcescenti
347 1735 435 1769 dein
455 1735 703 1776 corrugatam
724 1732 761 1766 in
780 1732 978 1776 globulum
999 1731 1223 1778 capitatum,
1251 1735 1343 1768 tubo
1363 1738 1577 1779 angustiori
1605 1741 1742 1775 sufful-

75 1797 169 1837 tum,
195 1796 289 1829 tubo
317 1794 499 1840 germinis
527 1793 748 1828 evolutione
776 1794 857 1827 basi
887 1794 1071 1838 ampliato
1099 1798 1138 1828 et
1165 1799 1358 1840 postremo
1386 1797 1644 1833 circumscisse
1670 1801 1741 1834 de—

76 1854 247 1896 ciduam,
274 1854 406 1889 limbi
434 1853 599 1888 laciniae
625 1855 1049 1899 subrotundo-ovatae‚
1089 1855 1154 1889 vix
1196 1856 1474 1900 acutiusculae,
1501 1858 1630 1893 nervis
1658 1859 1742 1894 fur-

76 1913 172 1948 catis
192 1915 238 1948 ad
259 1913 476 1959 marginem
495 1913 813 1958 percurrentibus
833 1914 1093 1948 concoloribus
1111 1919 1285 1948 notatae.
1304 1915 1519 1951 Stamina
1538 1920 1558 1952 6
1574 1919 1664 1959 (nec
1680 1918 1740 1960 51)

76 1974 291 2019 hypogyna
318 1974 509 2019 aequalia,
549 1977 728 2016 exserta,
768 1973 1026 2008 filamenta
1064 1973 1255 2009 filiformia
1282 1974 1417 2009 tenuia
1444 1977 1617 2012 flexuosa
1642 1978 1740 2022 (sie-

76 2035 196 2068 cando
223 2033 425 2078 tantum?)
452 2035 596 2078 albida,
624 2045 647 2069 a
675 2034 756 2069 basi
784 2035 829 2068 ad
858 2033 902 2078 ²l3
929 2038 1062 2080 partes
1089 2034 1243 2081 glabra,
1272 2035 1359 2069 dein
1387 2034 1477 2080 pilis
1503 2037 1629 2082 longis
1656 2049 1741 2072 mo-

76 2092 329 2129 niliformibus
356 2094 536 2129 tenuibus
564 2094 765 2139 coeruleis,
785 2094 962 2128 siccando
981 2093 1135 2137 albidis,
1162 2095 1341 2137 barbata,
1360 2106 1477 2140 supra
1494 2095 1740 2131 insertionem

75 2153 238 2198 pilorum
275 2154 704 2189 fusiformi-incrassata.
741 2157 782 2188 et
823 2154 904 2199 ipso
943 2154 1051 2199 apice
1089 2158 1320 2198 attenuata,
1358 2156 1591 2189 antherae
1631 2157 1740 2192 dorso

75 2224 193 2257 supra
219 2214 329 2248 basin
356 2214 527 2249 insertae
555 2219 711 2250 erectae
738 2214 945 2259 introrsae,
971 2215 1092 2260 primo
1112 2214 1468 2261 lineari-oblongae
1488 2216 1574 2251 dein
1594 2218 1739 2262 ovales,

74 2272 183 2317 apice
209 2274 704 2320 truncato-emarginatae3
732 2275 875 2309 loculi
903 2274 1023 2320 primo
1050 2278 1211 2319 teretes,
1232 2275 1318 2309 dein
1338 2275 1507 2321 oblongi,
1527 2278 1739 2313 connexivo

75 2331 160 2365 basi
185 2333 307 2378 tenui,
336 2334 446 2379 apice
473 2335 635 2369 dilatato
664 2334 839 2379 sejuncti,
865 2335 958 2369 foeti
985 2333 1086 2379 flavi,
1114 2335 1242 2370 effoeti
1269 2333 1400 2378 albidi,
1418 2346 1487 2380 per
1504 2339 1624 2370 totam
1652 2336 1740 2371 lon-

75 2391 289 2436 gitudinem
310 2393 404 2427 rima
426 2394 689 2437 dehiscente83
717 2395 875 2440 pollen
905 2396 1066 2438 luteum,
1085 2394 1303 2439 oblongum.
1331 2393 1525 2429 Germen
1554 2395 1739 2430 minutum

73 2451 281 2496 oblongum
319 2452 523 2497 trigonum,
563 2454 711 2499 apicem
749 2465 881 2489 versus
920 2454 1035 2499 paulo
1074 2457 1338 2499 angustatum,
1381 2457 1617 2498 truncatum,
1652 2456 1738 2490 basi

76 2511 231 2553 nudum,
259 2515 456 2546 caeterum
494 2512 580 2558 pilis
619 2513 758 2548 erectis
797 2512 931 2559 rigidis
970 2511 1176 2558 praecipue
1204 2523 1323 2557 prope
1350 2512 1497 2557 apicem
1527 2517 1566 2546 et
1592 2513 1630 2547 in
1657 2514 1738 2559 ipso

76 2569 222 2604 vertice
261 2572 468 2614 obsessum,
507 2571 610 2606 hisce
649 2572 942 2606 conniventibus
983 2571 1233 2617 penicillatim
1271 2582 1472 2614 comosum,
1501 2572 1736 2618 3-loculare3

74 2629 339 2671 gemmulae
373 2629 410 2663 in
445 2631 577 2665 loculis
610 2631 724 2666 binae
758 2631 1046 2676 superpositae,
1081 2631 1231 2676 stylus
1265 2629 1471 2664 filamentis
1498 2632 1614 2676 plane
1643 2644 1737 2667 cou-

75 2686 220 2730 formis,
236 2689 446 2733 eademque
464 2690 721 2736 longitudine,
737 2691 786 2724 ad
803 2694 953 2735 partem
972 2690 1224 2724 incrassatam
1241 2689 1356 2735 paulo
1372 2690 1577 2735 robustior,
1592 2691 1737 2726 susces-

77 2755 177 2788 cens,
198 2756 316 2791 supra
335 2759 419 2782 eam
438 2752 666 2783 attenuatus
689 2748 798 2794 apice
818 2752 1041 2791 truncatus,
1070 2748 1243 2794 stigma
1270 2749 1469 2792 minutum,
1495 2749 1734 2794 papillosum.

75 2800 279 2848 Capsula
298 2805 496 2853 pei-igonio
517 2811 679 2841 externo
701 2806 925 2852 persistenti
943 2807 1067 2840 cincta
1082 2818 1202 2852 eaque
1221 2806 1360 2853 'ssa—14
1379 2804 1734 2856 bi·erior,t1·igono·
