1862 3156
122 184 198 223 158

115 281 216 315 intus
244 282 464 327 semiferas,
493 282 539 315 ad
563 281 755 327 margines
784 282 1098 327 setoso-pilosae,
1125 281 1300 328 margine
1325 285 1408 316 toto
1435 286 1476 316 et
1494 282 1591 327 septi
1610 281 1780 316 interiori

117 342 316 376 crassiore.
345 341 535 377 Semina
567 341 657 376 bina
676 341 844 388 generis,
872 341 1149 387 nigrescentia,
1178 341 1396 386 exsculpta,
1423 341 1526 374 intus
1546 340 1787 386 planiuscula

114 402 306 446 carinata,
333 406 450 436 extus
478 412 663 436 convexa.

734 531 806 572 VI.
841 531 1152 574 columniferae.

247 616 401 661 Species
427 615 544 660 hujus
572 615 751 651 sectionis
779 617 849 651 hoc
875 617 984 651 modo
1012 621 1100 650 sunt
1127 615 1445 661 distinguendae:

114 681 142 712 1.
195 679 331 711 Caules
360 680 475 713 erecti
505 680 807 723 adscendentes,
836 679 985 714 inferne
1019 678 1211 726 vaginati,
1252 679 1344 713 folia
1370 684 1509 712 ovato-

381 739 601 774 lanceolata
617 744 746 784 acuta,
763 740 847 785 pilis
867 741 992 786 longis
1020 742 1201 786 utrinque
1229 742 1318 773 laxe
1346 740 1504 773 obtecta

380 798 775 844 subaniplexicauliag
803 800 944 846 stigma
971 800 1257 844 subcapitatum
1280 825 1289 834 .
1335 799 1373 833 O.
1398 799 1584 844 vayinata
1604 795 1736 841 Wigh
1749 803 1775 830 t.

249 885 269 903 „
374 863 568 904 repentes,
595 861 777 893 bracteae
805 861 897 895 2——6
932 860 1099 894 falcatae
1129 859 1282 893 ciliatae
1334 884 1344 895 .
1381 883 1391 893 .
1429 884 1438 893 .
1477 882 1485 890 .
1649 858 1681 891 2.

105 948 137 981 2.
189 946 295 980 Folia
322 947 718 992 lineari-lanceolata,
746 948 882 981 subtus
911 946 1045 992 pilosa,
1064 947 1144 981 basi
1175 946 1318 989 ciliata,
1339 945 1505 991 vaginae

380 1008 514 1041 breves
554 1009 683 1050 laxae,
726 1007 933 1052 pedunculi
973 1006 1065 1042 folia
1104 1011 1333 1052 aequantes,
1360 1005 1501 1050 stigma

378 1066 572 1100 clavatum
593 1091 1032 1103 ..........
1078 1066 1117 1101 0.
1142 1065 1415 1112 papilionacea
1441 1063 1589 1100 Schlt.
1617 1063 1731 1108 Wgh
1745 1066 1771 1095 t.

233 1151 253 1168 „
322 1130 435 1160 ovato
456 1127 718 1161 -lanceolata
763 1127 902 1160 obtusa
945 1125 1106 1170 villosa,
1152 1125 1247 1160 rami
1291 1125 1499 1166 filiformes,

377 1186 585 1231 pedunculi
614 1185 712 1222 foliis
740 1186 946 1232 longioreS,
974 1185 1117 1232 stigma
1144 1185 1435 1231 subcapitatum

1214 1245 1251 1281 0.
1279 1244 1591 1280 Burmamziana
1618 1239 1772 1285 Wght.

609 1354 664 1387 31.
693 1351 741 1388 c.
768 1350 1096 1397 papilionaoea
1125 1351 1268 1385 Schlt.

236 1429 290 1463 Cf.
319 1429 435 1464 Schlt.
465 1429 570 1473 Syst.
599 1436 727 1472 vege-t.
755 1429 839 1463 VII.
868 1429 971 1464 1151.
998 1431 1036 1471 23
1069 1428 1191 1462 Knth.
1220 1427 1354 1461 Enum.
1383 1426 1446 1459 IV.
1477 1425 1556 1460 104.
1583 1425 1617 1459 2.

237 1488 535 1522 Observatio.
579 1488 712 1522 Verba
740 1487 902 1522 Linnaei
938 1488 1075 1533 (Wlld.
1104 1487 1215 1532 spec.
1243 1486 1288 1521 ΙΙ.
1322 1488 1378 1521 21.
1408 1486 1470 1529 173
1509 1481 1657 1517 Richt.
1686 1479 1773 1514 Cod.

105 1546 212 1580 Linn.
229 1547 344 1592 2290)
371 1549 472 1582 bona
495 1548 617 1592 quoad
646 1547 818 1592 plantam
847 1551 1060 1592 repentem,
1088 1549 1153 1581 sed
1180 1545 1326 1592 species
1352 1545 1463 1580 valde
1491 1540 1700 1578 variabilis.
1731 1559 1770 1564 —-

102 1606 321 1651 Specimina
349 1607 498 1652 majora
523 1607 780 1642 Wallichiana
818 1608 921 1649 (Cat.
949 1608 1043 1642 8987
1081 1606 1115 1651 β.
1150 1607 1291 1652 partim
1318 1606 1356 1640 in
1383 1604 1490 1639 herb.
1518 1614 1601 1648 reg.
1628 1599 1770 1635 beroli-

100 1667 221 1711 nensi,
242 1667 332 1712 imp.
359 1667 648 1710 vindobonensi,
675 1667 807 1701 Martii
836 1672 875 1701 et
900 1668 960 1702 De
988 1666 1206 1710 Candollei)
1230 1665 1462 1701 conveniunt
1487 1674 1569 1699 cum
1591 1661 1648 1706 iis,
1670 1672 1768 1709 quae

97 1725 282 1770 Stocks,
306 1727 416 1761 Law
443 1730 514 1761 etc.
543 1725 578 1760 in
600 1726 758 1772 regione
785 1727 931 1772 tropica
949 1727 1264 1768 Malabariae,
1283 1727 1464 1761 Concan
1487 1730 1559 1759 etc.
1586 1725 1768 1770 legerunt

101 1784 203 1825 (hrb.
229 1785 353 1820 Hook.
377 1786 402 1820 f.
424 1790 462 1819 et
481 1787 630 1820 Thoms.
657 1786 696 1820 in
722 1787 828 1820 herb.
855 1798 938 1833 reg.
959 1788 1088 1831 bero].,
1106 1788 1238 1834 imper.
1254 1787 1469 1830 vindobon,
1484 1787 1543 1821 De
1559 1781 1768 1825 Candollei,

99 1844 246 1878 comitis
285 1845 568 1891 Franquevillei
603 1851 644 1880 et
669 1846 967 1891 Lenormandi);
1012 1848 1185 1894 equidem
1232 1858 1316 1881 cum
1359 1845 1628 1893 speciminibus
1654 1843 1765 1877 cultis

101 1903 198 1937 horti
240 1915 322 1950 reg.
352 1906 469 1940 berol.
497 1906 533 1939 in
561 1906 668 1940 herb.
711 1906 873 1941 Linkii
916 1908 1037 1952 (nunc
1066 1918 1146 1953 reg.
1175 1907 1330 1950 berol.]·,
1375 1905 1583 1951 specimina
1616 1903 1765 1938 minora

101 1963 247 2007 aliquot
274 1964 319 1997 ad
349 1963 500 2010 Wight.
529 1965 623 1999 icon.
643 1966 706 2000 VI.
734 1967 827 2002 2089
855 1970 1047 2011 spectant,
1073 1978 1144 2001 nec
1169 1977 1250 2000 eam
1279 1966 1394 2011 plane
1422 1965 1636 2010 quadrant,
1663 1972 1764 2007 spec.

99 2022 360 2065 Hookeriana,
400 2034 498 2068 quae
532 2025 799 2070 magnitudine
826 2026 1030 2068 accedunt,
1068 2025 1248 2059 differunt
1281 2024 1378 2058 foliis
1417 2024 1519 2058 haud
1559 2026 1766 2065 tantopere

97 2092 115 2113 e
144 2081 226 2114 basi
254 2082 335 2115 lata
362 2084 588 2118 attenuatis.
606 2085 753 2118 —Mea
781 2085 957 2129 opinione
985 2085 1111 2118 omnia
1135 2085 1233 2118 haec
1259 2084 1637 2130 specimina—quae
1664 2077 1766 2114 infra

96 2140 308 2174 describam
327 2161 368 2167 —-
388 2141 441 2175 nil
468 2141 540 2176 nisi
567 2143 741 2177 diversae
759 2143 904 2178 formae
924 2143 1033 2178 unius
1052 2144 1300 2188 ejusdemque
1316 2142 1455 2188 speciei
1473 2153 1556 2177 esse
1571 2141 1761 2183 videntur,

96 2202 245 2244 aetate,
290 2200 358 2233 soli
399 2199 538 2242 indole,
583 2204 851 2246 temperatura
889 2203 989 2237 aeris
1028 2207 1100 2236 etc.
1127 2202 1276 2235 diverso
1303 2202 1413 2238 modo
1441 2202 1620 2236 evolutae
1647 2205 1687 2235 et
1717 2211 1764 2233 ne

93 2258 307 2292 varietates
350 2259 503 2304 quidem
543 2259 695 2295 sistunt.
742 2262 903 2295 Cultura
946 2261 982 2294 in
1027 2260 1148 2295 hortis
1189 2260 1319 2295 forsan
1359 2260 1464 2294 luces
1492 2259 1616 2294 dabitl
1646 2278 1686 2284 —
1715 2259 1761 2292 cf.

94 2317 210 2353 Schlt.
237 2319 261 2352 l.
290 2329 316 2352 s.
343 2330 373 2353 c.
402 2319 502 2362 Obs.,
528 2319 594 2353 ubi
620 2319 752 2355 variae
778 2321 944 2365 partium
975 2319 1226 2354 dimensiones
1257 2320 1481 2354 laudantur.

231 2377 513 2423 Descriptio
555 2378 823 2424 (speciminum
873 2379 1125 2421 minorum).
1171 2379 1358 2413 Herbae
1401 2377 1594 2413 radicibus
1636 2377 1759 2422 longis

93 2436 242 2470 fibrosis
284 2437 464 2472 flexuosis
503 2436 642 2471 albidis
670 2437 828 2471 ramosis
856 2437 933 2471 solo
973 2438 1125 2478 affixae,
1168 2447 1267 2472 nunc
1305 2438 1531 2483 (juveniles)
1560 2437 1760 2482 simplices,

93 2499 262 2538 erectae,
290 2495 361 2529 etsi
386 2497 568 2530 florentes
596 2498 714 2532 2—1“
742 2497 861 2539 altae,
895 2497 1183 2541 angustifoliae,
1221 2507 1322 2532 nunc
1349 2497 1424 2531 ima
1452 2496 1534 2530 basi
1561 2506 1756 2539 ramosae,

93 2554 209 2587 rami
236 2553 495 2589 horizontales
517 2557 621 2598 1—2,
648 2556 686 2589 in
705 2556 915 2590 directione
942 2555 1120 2602 opposita
1155 2555 1357 2600 prostrati,
1385 2554 1589 2600 parvifolii,
1620 2555 1757 2590 sensim

94 2612 142 2645 ad
170 2613 308 2647 nodum
334 2613 498 2648 infimum
529 2619 568 2648 et
595 2613 684 2648 dein
711 2616 757 2649 ad
791 2618 882 2651 2—3
912 2616 1029 2649 nodos
1056 2615 1290 2658 radicantes,
1320 2615 1461 2661 ¹s2—3“
1486 2614 1606 2660 longi,
1647 2614 1756 2659 apice

93 2671 247 2706 floriferi
267 2675 415 2715 tenues,
442 2672 526 2717 pilis
541 2673 664 2718 longis
684 2675 863 2709 tenuibus
881 2674 1088 2720 conspersi,
1117 2674 1202 2707 dein
1221 2674 1406 2720 glabrati‚
1423 2674 1527 2708 linea
1543 2673 1752 2708 alternanti

93 2730 209 2763 dense
253 2731 374 2774 pilosa
416 2742 436 2764 e
464 2731 617 2776 vaginis
656 2733 877 2768 decurrenti
920 2733 1066 2776 notati,
1111 2732 1416 2776 internodia,
1458 2735 1588 2768 3-5“‘
1615 2734 1753 2778 longa,

94 2788 301 2833 vaginae
331 2789 448 2824 caulis
477 2790 659 2823 centralis
687 2792 850 2826 nondum
880 2791 1051 2827 florentis
1071 2801 1147 2824 una
1165 2789 1332 2835 reliquas
1359 2789 1570 2835 involvens,
1597 2791 1663 2826 vix
1690 2801 1754 2825 ore
