1862 3156
1660 214 1682 249 2
1688 214 1710 250 3

185 305 228 337 D.
260 309 526 337 montanum
556 303 722 349 Wight.:
765 304 941 349 panicula
986 307 1101 339 laxa
1144 311 1357 348 exserta,
1402 308 1502 341 foliis
1547 308 1714 352 long-iter

47 363 255 408 petiolatis,
276 363 714 409 elliptico-laneeolatis,
734 365 977 408 acuminatis,
996 365 1157 409 glabris,
1177 365 1350 412 margine
1370 368 1527 411 scabris,
1547 367 1713 412 capsulis

45 422 226 467 globosis,
256 424 469 469 pericarpio
498 423 627 469 fragili
654 434 888 468 papyraceo,

180 483 225 517 D.
261 482 565 527 conspicuum
604 483 734 517 Hsskl.
772 484 951 527 panicula
995 484 1171 528 sessili,
1211 485 1349 519 foliis
1390 487 1575 520 suminis
1605 488 1709 521 bre-

45 541 174 583 viori,
220 541 317 576 foliis
361 542 533 578 breviter
577 542 788 588 petiolatis,
828 546 995 589 ang-uste.
1039 543 1281 587 lanceolatis,
1317 545 1646 580 acuminatissiinis
1676 552 1713 580 et

43 602 215 646 margine
261 612 409 648 quoque
454 603 613 648 glabris,
660 602 827 647 capsulis
872 604 1318 649 subgloboso-trigonis,
1364 605 1578 651 pericarpio
1622 618 1712 652 per-

41 673 239 706 gamaceo.

179 722 225 757 D.
252 723 457 768 Wightii
485 722 625 758 Hsskl:
667 722 847 769 panicula
886 723 1044 758 sessili
1087 734 1188 768 rara,
1230 724 1328 759 foliis
1367 725 1520 759 summis
1560 727 1708 761 multo

43 781 217 827 breviori,
258 782 356 816 foliis
397 783 537 828 ovatis,
581 783 780 828 ellipticiS,
822 783 1017 826 ovalibus,
1062 783 1367 829 ovali-oblongis
1410 789 1479 818 aut
1521 786 1710 829 oblongis,

41 840 285 886 acutissimis,
312 842 488 877 siccando
507 842 848 887 cinerascentibus,
869 842 1016 888 capsuli
1036 843 1474 889 subgloboso-trigonis,
1495 845 1709 890 pericarpio

42 900 171 947 fragili
200 912 429 948 papyraceo.

583 1008 615 1042 3.
641 1006 694 1044 D.
720 1006 988 1044 montanum
1015 1007 1172 1053 Wght.

174 1094 342 1140 Diagn.
375 1094 449 1129 vid.
487 1094 574 1130 obs.
615 1095 660 1129 ad
702 1106 804 1140 spec.
842 1099 968 1130 antec.
1018 1094 1124 1141 quid:
1169 1095 1446 1140 acuminatum,
1495 1096 1701 1130 rotundum

38 1154 201 1195 (round)
226 1154 361 1200 Wght.
391 1155 441 1188 lc.
467 1155 530 1190 Vl.
559 1166 595 1199 p.
624 1155 678 1189 30.
708 1155 753 1189 ad
784 1158 810 1188 t.
837 1153 964 1191 2069?

179 1213 369 1248 Observ.
397 1218 437 1248 et
476 1214 713 1259 Descript.
752 1214 999 1248 Aneilema
1026 1218 1293 1249 montanum
1324 1215 1413 1249 wll.
1443 1215 1524 1250 Cffit.
1552 1218 1644 1250 5203
1675 1229 1703 1249 c.

44 1273 124 1307 lnd.
153 1283 204 1308 or.
236 1273 349 1318 plane
390 1275 558 1318 quadrat
597 1274 654 1317 (in
694 1275 777 1308 hrb.
817 1286 898 1319 reg.
928 1274 1045 1308 berol.
1074 1277 1114 1308 et
1157 1274 1245 1319 imp.
1290 1275 1537 1319 vindobon),
1582 1276 1699 1309 folia

40 1336 166 1366 auten]
187 1342 303 1377 supra
318 1338 407 1366 sunt
423 1334 700 1376 scabriuscula,
722 1333 895 1379 margine
915 1334 1165 1379 scaberrima,
1194 1334 1402 1380 elliptico-,
1424 1346 1489 1369 seu
1513 1336 1702 1382 oblongo-

38 1391 270 1435 lanceolata,
299 1392 468 1438 long-iter
494 1393 730 1437 acuminata,
759 1393 850 1439 4¹4⁴*
878 1394 1007 1439 longa,
1035 1395 1079 1427 4¹¹
1106 1394 1200 1433 lata,
1221 1395 1322 1428 haud
1345 1398 1565 1439 tantopere,
1584 1395 1642 1430 uti
1664 1396 1700 1429 in

38 1451 84 1485 D.
111 1451 330 1497 Wightii‚
358 1452 558 1487 rosulatim
588 1458 791 1499 congesta:
820 1453 1093 1488 internodia
1132 1465 1154 1488 a
1186 1453 1337 1499 vaginis
1367 1456 1543 1491 lO—l'ZW
1581 1456 1705 1501 longis

39 1510 121 1544 fere
148 1515 233 1545 tota
261 1514 384 1558 tecta3
415 1513 581 1557 petioli
612 1511 764 1558 oblique
794 1513 829 1547 in
858 1513 1025 1559 vaginae
1058 1524 1164 1548 oram
1209 1523 1280 1547 nec
1325 1525 1399 1548 non
1447 1515 1481 1548 in
1526 1514 1702 1549 laminam

40 1576 307 1615 transeuntes,
350 1574 405 1607 6⁴¹¹
447 1573 572 1619 longi3
614 1573 843 1617 panicula
881 1573 1019 1608 stricta
1058 1578 1179 1617 recta,
1221 1578 1364 1617 erecta,
1392 1574 1605 1619 pedunculo
1634 1574 1701 1616 (ad

38 1644 181 1668 ramum
225 1633 407 1679 primum)
454 1636 497 1668 4⁴¹
541 1634 656 1679 longo
700 1633 883 1677 suffulta,
932 1633 1047 1667 ramis
1101 1634 1408 1677 alternantibus,
1459 1633 1704 1676 distantibus,

37 1694 182 1739 paucis,
211 1693 349 1728 sensim
389 1694 614 1737 minoribus,
658 1694 1055 1739 erecto-patentibus,
1084 1695 1297 1730 successive
1332 1694 1442 1729 flores
1476 1694 1706 1740 explicanti-

36 1755 123 1798 bus3
164 1755 392 1790 bracteae
430 1753 605 1788 minutae
643 1754 996 1799 ovato-oblongae,
1037 1758 1129 1789 ante
1170 1753 1349 1788 antliesin
1385 1754 1464 1799 jam
1508 1755 1700 1797 caducae3

37 1813 268 1858 pedicelli
297 1812 417 1859 primo
445 1823 527 1847 cum
555 1814 754 1847 alabastro
782 1812 891 1857 apice
918 1813 1063 1857 cernui,
1091 1813 1178 1847 dein
1199 1818 1235 1847 et
1256 1817 1344 1858 post>
1363 1813 1542 1849 anthesin
1574 1815 1703 1856 erecti,

35 1873 179 1917 stricti,
208 1873 408 1917 capsula
434 1874 549 1918 plane
577 1883 658 1906 cum
688 1882 734 1905 ea
761 1872 806 1905 D.
843 1871 1044 1917 Wightii
1081 1882 1318 1918 cong-ruens3
1350 1873 1459 1908 flores
1486 1875 1532 1908 cf.
1565 1874 1698 1921 ngit.

37 1933 84 1966 Ic.
112 1932 188 1976 cit.,
216 1933 281 1966 sed
309 1933 498 1979 perigonii
539 1932 671 1967 foliola
710 1934 864 1967 interna
904 1933 983 1967 basi
1031 1934 1153 1980 inagis
1198 1938 1406 1969 attenuata
1449 1935 1620 1968 evadunt
1663 1941 1701 1968 et

33 1993 222 2028 antherae
249 1993 367 2038 plane
394 2004 477 2028 cum
507 1992 550 2027 iis
577 1993 623 2028 D.
663 1992 866 2039 wightii
907 1997 1163 2038 congruentes
1204 2004 1271 2028 nec
1310 1993 1590 2029 diversiformes
1630 2006 1698 2028 nec

34 2051 87 2085 uti
114 2052 176 2097 fig.
206 2054 283 2087 let
310 2055 329 2088 2
357 2056 446 2087 sunt
473 2053 707 2087 delineatae.
749 2071 790 2076 —
835 2052 1036 2097 Specimen
1080 2053 1117 2086 in
1162 2053 1245 2087 hrb.
1289 2052 1376 2097 imp.
1420 2053 1632 2089 Vindobon.
1677 2065 1699 2087 a

31 2112 157 2157 Hilgel
186 2112 327 2146 lectum
355 2112 420 2146 Nr.
449 2113 542 2147 4544
571 2113 748 2147 dextrum
776 2111 849 2146 huc
867 2111 1051 2157 pertinet,
1072 2112 1267 2147 sinistrum
1289 2114 1335 2147 cf.
1357 2124 1460 2159 supr.
1480 2125 1516 2159 p.
1536 2116 1590 2149 Π.
1612 2113 1698 2146 Obs.

31 2172 79 2205 ad
107 2171 466 2217 Piletocarpum
496 2174 774 2217 protensum
802 2171 934 2206 Hsskl.
960 2183 995 2205 α.

166 2229 258 2266 Cum
284 2231 354 2265 hoc
381 2231 587 2277 specimine
608 2231 721 2276 plane
742 2231 923 2266 convenit
942 2231 1135 2276 specimen
1155 2243 1174 2266 e
1194 2232 1428 2278 Zeylania
1447 2233 1609 2267 Thwai
1624 2238 1694 2268 tes

31 2289 115 2324 coll.
142 2291 235 2326 2325
262 2289 457 2325 sinistrum
485 2290 523 2325 in
550 2291 633 2324 hrb.
667 2290 797 2324 Martii
837 2291 924 2325 sub:
968 2293 1032 2324 An
1050 2290 1219 2326 eilema
1246 2297 1530 2337 montanum,
1570 2293 1692 2327 inter-

32 2350 146 2385 nodia
174 2354 302 2385 autem
324 2349 404 2395 jam
435 2351 552 2396 dupla
580 2351 729 2395 majora
762 2351 935 2385 evadunt
961 2355 1001 2385 et
1039 2352 1344 2387 inflorescentiae
1383 2362 1508 2386 ramus
1548 2352 1696 2386 infimus

30 2409 133 2444 inter
161 2409 254 2444 folia
282 2413 342 2444 est
368 2410 602 2454 reconditus,
629 2420 772 2456 parvus
799 2413 839 2444 et
866 2410 931 2446 vix
959 2411 1084 2445 denuo
1104 2421 1288 2447 ramosus⁴
1306 2411 1504 2456 Specimen
1525 2411 1693 2456 ejusdem

30 2469 262 2504 collectionis
291 2469 487 2504 Thwaites
514 2470 553 2505 in
582 2471 663 2504 hrb.
691 2481 772 2516 reg.
801 2471 917 2504 berol.
946 2470 1141 2505 sinistrum
1170 2471 1385 2514 paniculam
1416 2471 1576 2515 praebet
1610 2470 1691 2513 ‘jam

30 2538 96 2574 per
123 2529 281 2574 longum
310 2532 459 2573 tempus
488 2530 713 2564 defloratam
751 2530 905 2564 floribus
945 2530 1208 2576 fructibusque
1247 2530 1434 2574 delapsis3
1479 2529 1573 2564 rami
1618 2531 1693 2565 bini

31 2586 233 2622 inferiores
261 2590 390 2622 autem
418 2590 555 2631 (multo
585 2588 707 2624 serius
735 2590 902 2632 evoluti)
930 2589 1096 2634 majores
1124 2592 1213 2622 sunt
1240 2588 1493 2634 patentissimi
1531 2590 1695 2623 adscen—

30 2647 166 2682 dentes
206 2650 244 2681 et
271 2648 319 2681 ab
354 2646 429 2682 ima
455 2648 536 2682 basi
564 2649 702 2683 iterum
732 2647 882 2693 ramosi,
910 2648 1076 2682 bracteis
1104 2647 1273 2681 foliaceis
1302 2658 1382 2680 cum
1411 2647 1567 2692 reliquis
1595 2649 1693 2682 soliis

28 2706 288 2740 conformibus
332 2707 398 2740 sed
440 2708 559 2743 multo
604 2707 812 2742 minoribus
856 2708 902 2740 ad
948 2705 1244 2741 ramificationes
1285 2705 1438 2749 muniti,
1486 2707 1693 2751 niultiflori,

30 2764 185 2799 floribus
213 2764 428 2801 successive
468 2766 637 2801 deciduis
678 2765 1133 2812 exsculpto-cicatrisati,
1176 2763 1394 2810 paniculam
1430 2766 1545 2800 5—6“
1573 2767 1689 2800 altam

28 2828 66 2856 et
93 2825 206 2858 latam
235 2828 590 2869 repraesentantes,
618 2826 842 2860 rarifloram.
