1862 3156
652 304 769 343 VIII.
801 306 1042 347 commelina
1074 305 1210 344 Plum.
1244 305 1292 346 L.

273 392 466 424 observ.
495 388 802 424 Commclinae
839 401 938 424 nunc
982 400 1046 423 eas
1086 394 1238 423 tantum
1281 389 1427 435 species
1455 391 1677 435 adnumero,
1710 403 1808 438 quae

132 450 249 497 signis
278 449 527 495 sequentibus
557 449 811 483 conveniunt:

271 511 400 544 Flores
429 510 571 554 spatha
599 508 757 552 suffulti,
788 510 956 543 stamina
984 512 1019 551 6,
1047 509 1186 553 partim
1220 510 1407 554 (postica)
1437 510 1602 553 sterilia3
1645 522 1803 557 germen

135 572 302 603 erectum
347 570 582 610 3-loculare3
627 569 845 614 gemmulae.
889 570 924 602 in
970 568 1102 602 loculis
1132 572 1172 611 ‘23
1217 570 1374 614 capsula
1412 570 1652 615 3-locularis‚
1681 572 1805 605 loculo

138 629 278 663 dorsali
308 630 442 663 minori
472 632 691 673 1—spermoz,
721 630 864 675 stigma
891 630 1064 674 simplex.

273 690 475 723 Martius
503 690 539 723 in
569 689 668 722 Flor.
698 689 834 723 Brasil.
863 690 957 722 fasc.
987 689 1070 722 XV.
1100 689 1192 731 (sec.
1222 689 1322 733 Wlp.
1352 691 1452 723 Ann.
1481 691 1543 725 VI.
1576 691 1664 735 457)
1705 690 1802 724 eha-

137 753 325 783 racterem
347 748 572 794 genericum
589 748 645 782 Co
660 759 691 781 m
705 759 737 781 m
751 747 911 782 elinae
928 749 967 781 L.
986 748 1088 781 hi>ce
1109 749 1176 782 dat
1196 748 1338 782 verbis:
1360 749 1503 792 „stam
1523 751 1628 792 6—5,
1647 761 1804 795 quorum

134 809 320 842 nonnulla
347 808 513 848 sterilia,
542 809 702 852 capsula
732 807 972 850 2-locula1·is,
1001 807 1212 841 Q-valvis24‘
1241 827 1284 831 —
1314 809 1380 841 sed
1420 809 1489 842 hoc
1530 811 1637 843 modo
1679 810 1805 844 Com-

132 867 340 902 melinae
369 879 483 902 verae
517 867 725 912 (plurimae
765 868 908 909 autor.)
950 871 1105 901 nostrae
1147 868 1408 902 excluduntur
1447 873 1487 901 et
1514 879 1664 913 genera
1691 872 1806 902 ante-

132 927 311 962 cedentia
338 931 503 972 excepto
532 928 609 960 solo
637 927 964 971 Heterocarpo
992 927 1316 971 complectuntur.

715 1031 746 1064 1.
774 1028 822 1065 G.
850 1029 1036 1073 agraria
1063 1029 1204 1062 Knth.

269 1108 389 1143 Knth.
419 1109 556 1141 Enum.
597 1107 660 1141 IV.
698 1108 754 1140 38.
782 1106 823 1147 3¹,
851 1104 982 1138 Hsskl.
1010 1105 1106 1149 plnt.
1134 1105 1280 1149 Jungh.
1312 1106 1387 1140 136.
1418 1107 1449 1149 1,
1478 1106 1637 1150 partim3
1680 1126 1720 1131 —
1763 1106 1802 1142 C.

137 1167 347 1202 diffussa
372 1168 430 1201 Bl.
460 1167 541 1200 hrb.
570 1170 609 1199 et
635 1166 706 1199 En.
738 1167 768 1198 1.
797 1166 827 1198 1.
855 1164 996 1207 (Knth.
1024 1165 1047 1198 1.
1075 1176 1104 1197 c.
1133 1165 1189 1198 43.
1220 1165 1294 1207 17.)

272 1228 459 1262 observ.
509 1225 764 1271 Miquelius
803 1225 942 1268 (Flor.
987 1225 1052 1259 ΙΙΙ.
1093 1225 1173 1259 531.
1216 1226 1254 1266 1)
1281 1225 1381 1258 hanc
1406 1236 1474 1269 pro
1503 1225 1539 1258 C.
1575 1226 1798 1261 communi

130 1288 172 1322 L.
199 1287 324 1322 Knth.
352 1288 374 1322 l.
403 1299 433 1320 c.
462 1287 516 1322 36.
549 1289 587 1329 1)
615 1285 750 1328 sumit,
779 1284 989 1329 specimina
1017 1289 1146 1317 autem
1174 1285 1243 1318 sub
1272 1284 1342 1317 hoc
1372 1284 1522 1318 nomine
1550 1284 1587 1318 in
1619 1285 1798 1319 herbario

128 1346 292 1379 Kuuthii
323 1351 557 1380 conservata
584 1345 687 1387 (hrb.
709 1355 789 1389 reg.
810 1345 949 1386 berol.)
971 1344 1129 1388 plantas
1150 1345 1268 1389 longe
1288 1344 1435 1378 alienas
1456 1345 1575 1378 multo
1601 1346 1797 1380 robustio-

127 1417 202 1449 res,
230 1405 333 1439 foliis
362 1405 571 1450 majoribus
599 1408 911 1449 repraesentant.
939 1424 981 1428 —
1011 1404 1049 1438 C.
1078 1403 1260 1437 diffusa
1286 1405 1389 1438 Brm.
1417 1403 1472 1438 Fl.
1500 1405 1580 1438 Ind.
1612 1406 1667 1447 18,
1705 1406 1758 1440 tb.
1777 1408 1798 1440 7

125 1466 151 1500 f.
177 1468 210 1502 2.
239 1478 273 1501 a.
301 1465 482 1511 Miquelio
512 1465 665 1499 diversa
695 1465 863 1498 habetur
892 1475 913 1496 a
941 1475 1155 1509 synonymo
1175 1465 1398 1505 Blumeano,
1426 1468 1466 1497 et
1492 1467 1597 1497 certe
1624 1464 1659 1497 in
1689 1464 1797 1498 icone

125 1525 415 1560 Burmanniana
444 1525 609 1570 spathae
636 1529 776 1558 acutae
805 1525 1067 1567 delineantur,
1096 1534 1195 1569 quae
1215 1524 1253 1557 111
1274 1523 1447 1568 diagnosi
1466 1529 1643 1557 carentes
1664 1524 1798 1559 dicun-

126 1589 208 1628 tur,
235 1585 290 1618 ico
318 1586 494 1629 plantam
523 1589 690 1618 nostram
719 1586 831 1629 plane
873 1596 945 1617 non
988 1585 1166 1629 quadrat.
1207 1603 1249 1607 —
1278 1583 1315 1617 C.
1345 1587 1596 1627 prostrata
1623 1583 1797 1617 Hmbldt.

127 1644 271 1685 (Knth.
298 1645 369 1678 En.
398 1644 463 1677 IV.
491 1646 546 1678 39.
575 1644 629 1686 4),
665 1655 778 1688 quam
806 1643 888 1687 ipse
916 1643 1114 1677 Kunthius
1143 1643 1216 1677 etsi
1245 1642 1380 1676 dubius
1409 1654 1477 1686 pro
1507 1642 1542 1675 C.
1571 1643 1797 1687 agrariae

126 1704 250 1738 forma
276 1703 425 1743 habuit,
445 1715 559 1748 quam
587 1703 822 1737 sententiam
853 1708 1009 1747 egomet
1034 1703 1088 1743 (in
1118 1702 1212 1747 plut.
1242 1703 1386 1746 Jungli.
1415 1703 1494 1736 136.
1523 1705 1560 1744 1)
1587 1704 1791 1747 affirmavi,

126 1764 191 1797 vix
218 1774 240 1797 a
265 1767 400 1797 nostra
427 1764 556 1797 differt
584 1767 623 1796 et
650 1763 860 1806 specimina
887 1762 922 1795 in
959 1761 1139 1795 herbario
1168 1760 1330 1795 Kunthii
1358 1760 1461 1804 (hrb.
1502 1763 1639 1803 berol.)
1679 1762 1794 1806 plane

127 1828 299 1857 nostram
327 1824 531 1868 quadrant.
563 1843 606 1847 —
650 1825 679 1855 A
720 1821 979 1866 descriptione
1020 1823 1041 1855 l.
1082 1833 1112 1854 c.
1148 1823 1241 1855 data
1281 1821 1476 1866 discrepat
1514 1827 1647 1855 nostra
1672 1821 1796 1855 hisce:

127 1883 244 1918 Caule
272 1883 424 1928 repenti
445 1880 496 1925 (‘?,
517 1882 725 1927 specimina
752 1886 884 1914 nostra
910 1881 968 1914 uti
994 1881 1301 1914 Humboldtiana
1328 1880 1458 1924 apices
1486 1884 1640 1914 tantum
1669 1892 1797 1914 ramo-

123 1955 206 1977 rum
250 1946 376 1976 rectos
419 1942 769 1988 repraesentant),
811 1942 1030 1986 pedunculo
1076 1941 1216 1985 paulo
1245 1940 1366 1986 magis
1395 1945 1565 1983 exserto,
1605 1939 1796 1984 pedicello

124 2003 241 2048 longe
268 2006 441 2045 exserto,
468 2002 612 2045 bifloro,
640 2002 731 2035 flore
759 2005 924 2046 utroque
953 2001 1092 2034 iterum
1118 2001 1366 2045 pedicellato.

261 2063 464 2096 Habitat
481 2063 646 2096 Javam
676 2061 1045 2104 occidentalem⁷
1067 2059 1131 2094 nbi
1150 2061 1283 2093 Blume
1303 2058 1400 2104 legit
1426 2069 1547 2103 prope
1563 2058 1797 2103 Rumping

124 2133 230 2166 prov.
258 2123 412 2166 Bogor
439 2127 480 2155 et
506 2121 723 2166 Spanoghe,
751 2122 915 2155 Javam
942 2119 1230 2161 centralem,
1270 2118 1336 2152 ubi
1375 2118 1504 2152 Waitz
1549 2117 1647 2162 legit
1683 2120 1795 2163 (spe-

127 2181 249 2215 cimen
274 2181 421 2226 gracile
449 2181 646 2221 mancum)
675 2183 715 2212 et
742 2179 902 2212 insulam
931 2179 1204 2222 Sumatram,
1234 2178 1298 2211 ubi
1334 2177 1523 2210 Korthals
1551 2176 1649 2222 legit
1689 2178 1793 2219 [hrb.

123 2252 205 2286 reg.
235 2241 329 2285 Lgd.
350 2241 468 2282 Bau).
489 2259 531 2264 —
552 2240 767 2284 Specimina
786 2250 999 2285 pygmaea,
1018 2238 1083 2272 vix
1103 2238 1316 2283 pollicaria,
1336 2237 1409 2271 etsi
1428 2237 1603 2271 florentia
1621 2237 1792 2270 ramulos

127 2299 259 2333 forsan
300 2299 420 2333 caulis
448 2299 623 2344 repentis
656 2303 962 2344 repraesentant
987 2311 1006 2332 e
1035 2300 1121 2333 Jav
1134 2310 1186 2333 ae
1222 2298 1362 2332 occid.
1389 2297 1583 2343 provincia
1618 2299 1796 2332 Prean-

123 2370 214 2405 ger
235 2359 283 2393 ad
305 2364 476 2393 montem
503 2359 830 2404 Papandayan
858 2359 974 2392 lecta.

499 2460 530 2492 γ.
556 2448 739 2482 minor
766 2447 898 2481 Hsskl.
924 2449 1021 2492 plnt.
1049 2447 1192 2492 Jungh.
1222 2447 1300 2482 136.
1329 2448 1360 2480 1.
1388 2446 1426 2481 O.

262 2522 466 2557 Habitat
493 2522 531 2557 in
565 2522 689 2566 apicis
727 2520 914 2554 umbrosis
954 2522 1103 2555 Javae
1144 2520 1461 2554 occidentalis
1502 2531 1605 2565 prov.
1645 2521 1790 2554 Bata-

123 2580 229 2615 viae
250 2582 494 2627 (Junghuhn,
517 2581 728 2624 Hasskarl)
756 2585 795 2614 et
823 2580 927 2614 silvis
953 2580 1174 2614 litoralibus
1195 2581 1388 2624 paludosis
1410 2581 1659 2615 Sumatrae
1686 2590 1794 2624 prov.

123 2640 357 2685 Tapanuli
384 2640 633 2675 inferioris
659 2640 866 2687 praecipue
892 2650 1013 2683 prope
1041 2640 1231 2684 Siboga.

262 2701 429 2734 Adnot.
465 2701 617 2733 Adsunt
655 2699 876 2744 specimina,
921 2709 1077 2743 quorum
1122 2696 1332 2742 pedicellus
1375 2698 1479 2732 alter
1521 2697 1702 2731 uuiflorus
1746 2698 1795 2730 ad

123 2758 374 2793 insertionem
414 2760 551 2793 iterum
596 2760 775 2804 spatham
818 2758 1083 2803 complicatam
1127 2757 1323 2791 cordatam
1365 2757 1438 2790 etsi
1475 2756 1701 2790 diminutam
1739 2757 1795 2791 4⁰⁴

122 2818 290 2864 longam,
322 2821 377 2853 '2³¹¹
408 2819 528 2853 latam
557 2819 671 2865 gerit.
